<record><leader>00000cas a22000007a 4500</leader><controlfield tag="001">27039252</controlfield><controlfield tag="008">921130d19922015ohuwr ne      0   a0eng c</controlfield><datafield ind1=" " ind2=" " tag="010"><subfield code="a">sn 92006268 </subfield></datafield><datafield ind1=" " ind2=" " tag="040"><subfield code="a">NSD</subfield><subfield code="b">eng</subfield><subfield code="c">NSD</subfield><subfield code="d">OCLCQ</subfield><subfield code="d">DLC</subfield></datafield><datafield ind1=" " ind2=" " tag="012"><subfield code="m">d</subfield></datafield><datafield ind1="1" ind2=" " tag="022"><subfield code="a">1066-7458</subfield><subfield code="l">1066-7458</subfield><subfield code="y">0746-4061</subfield><subfield code="2">1</subfield></datafield><datafield ind1=" " ind2=" " tag="037"><subfield code="b">The Bethel Journal-Press, 115 S. Main St., Bethel, OH 45106</subfield></datafield><datafield ind1=" " ind2=" " tag="042"><subfield code="a">nsdp</subfield><subfield code="a">pcc</subfield></datafield><datafield ind1=" " ind2="4" tag="222"><subfield code="a">The Bethel journal-press</subfield></datafield><datafield ind1="0" ind2="4" tag="245"><subfield code="a">The Bethel journal-press.</subfield></datafield><datafield ind1=" " ind2=" " tag="260"><subfield code="a">Bethel, Ohio :</subfield><subfield code="b">Press Community Newspapers</subfield></datafield><datafield ind1=" " ind2=" " tag="300"><subfield code="a">v.</subfield></datafield><datafield ind1=" " ind2=" " tag="310"><subfield code="a">Weekly</subfield></datafield><datafield ind1="1" ind2=" " tag="362"><subfield code="a">Began in 1992; ceased in 2015?</subfield></datafield><datafield ind1=" " ind2=" " tag="588"><subfield code="a">Description based on: Vol. 94, no. 2 (Oct. 29, 1992).</subfield></datafield><datafield ind1=" " ind2=" " tag="752"><subfield code="a">United States</subfield><subfield code="b">Ohio</subfield><subfield code="c">Clermont</subfield><subfield code="d">Bethel.</subfield></datafield><datafield ind1="0" ind2="0" tag="780"><subfield code="t">Bethel journal</subfield><subfield code="x">0746-4061</subfield><subfield code="w">(DLC)sn 83004730</subfield><subfield code="w">(OCoLC)10023890</subfield></datafield><datafield ind1="0" ind2="0" tag="785"><subfield code="t">Bethel journal (2016)</subfield><subfield code="x">2475-0484</subfield><subfield code="w">(DLC)  2016202661</subfield><subfield code="w">(OCoLC)963858837</subfield></datafield></record>